@article{DBLP:journals/corr/DhingraLLGCAD16,
  author    = {Bhuwan Dhingra and
               Lihong Li and
               Xiujun Li and
               Jianfeng Gao and
               Yun{-}Nung Chen and
               Faisal Ahmed and
               Li Deng},
  title     = {End-to-End Reinforcement Learning of Dialogue Agents for Information
               Access},
  journal   = {CoRR},
  volume    = {abs/1609.00777},
  year      = {2016},
  url       = {http://arxiv.org/abs/1609.00777},
  archivePrefix = {arXiv},
  eprint    = {1609.00777},
  timestamp = {Mon, 13 Nov 2017 02:31:07 +0100},
  biburl    = {http://dblp.org/rec/bib/journals/corr/DhingraLLGCAD16},
  bibsource = {dblp computer science bibliography, http://dblp.org}
}
